// Spatial
@book{spatial:book,
    author = {Shekhar, Shashi and Chawla, Sanjay},
    year = {2003},
    month = {01},
    pages = {},
    title = {Spatial databases - a tour.},
    isbn = {978-0-13-017480-2},
    journal = {Encyclopedia of Social Measurement},
    doi = {10.1016/B0-12-369398-5/00337-6}
}

@article{rose,
    author = {Gting, Ralf and Schneider, Markus and Iv, Praktische and Hagen, Fernuniversitt},
    year = {1995},
    month = {12},
    pages = {},
    title = {Realm-Based Spatial Data Types: The ROSE Algebra}
}

@INPROCEEDINGS{finite:resolution,
    author={D. H. {Greene} and F. F. {Yao}},
    booktitle={27th Annual Symposium on Foundations of Computer Science (sfcs 1986)},
    title={Finite-resolution computational geometry},
    year={1986},
    volume={},
    number={},
    pages={143-152}
}

@article{worboyz,
author = {Worboys, Mike and Duckham, Matt},
year = {2004},
month = {01},
pages = {},
title = {GIS, a Computing Perspective}
}

@article{oo:spatial,
author = {Worboys, Michael and Hearnshaw, Hilary and Maguire, David},
year = {1990},
month = {10},
pages = {369-383},
title = {Object-Oriented Data Modelling for Spatial Databases},
volume = {4},
journal = {International Journal of Geographical Information Science},
doi = {10.1080/02693799008941553}
}

@MISC{99opengis,
    author = {OGC},
    title = {Open GIS Consortium, Inc. OpenGIS Â® Simple Features Specification For SQL Revision 1.1},
    year = {1999}
}

// Temporal

@article{temporal:status:directions,
author = {Snodgrass, Richard},
year = {1990},
month = {12},
pages = {83-89},
title = {Temporal Databases - Status and Research Directions.},
volume = {19},
journal = {SIGMOD Record},
doi = {10.1145/122058.122068}
}

@article{temporal:snodgrass,
author = {Snodgrass, Richard},
year = {1986},
month = {10},
pages = {35-42},
title = {Temporal Databases},
volume = {19},
doi = {10.1109/MC.1986.1663327}
}

// Spatio-Temporal
//TODO: citar grupo shashi